
@article{lamport_byzantine_1982,
  title     = {The {Byzantine} {Generals} {Problem}},
  author    = {Lamport, Leslie and
            Shostak, Robert E. and
            Pease, Marshall C.},
  journal   = {ACM Transactions on Programming Languages and Systems {(TOPLAS)}},
  publisher = {ACM},
  year      = {1982}
}

@inproceedings{elvinger_prunable-auth-log,
  title     = {Prunable Authenticated Log and Authenticable Snapshot in Distributed
            Collaborative Systems},
  author    = {Elvinger, Victorien and
            Oster, Gérald and
            Charoy, François},
  booktitle = {4th {IEEE} International Conference on Collaboration and Internet
            Computing, {CIC}},
  year      = {2018}
}

@inproceedings{baquero_making_2014,
  title     = {Making {Operation}-{Based} {CRDTs} {Operation}-{Based}},
  author    = {Baquero, Carlos and
            Almeida, Paulo Sérgio and
            Shoker, Ali},
  booktitle = {Distributed Applications and Interoperable Systems - 14th {IFIP} {WG}
               6.1 International Conference, {DAIS} 2014, Held as Part of the 9th
               International Federated Conference on Distributed Computing Techniques},
  publisher = {Springer},
  year      = {2014}
}

@techreport{mahajan_cac_2011,
  title       = {Consistency, {Availability}, and {Convergence}},
  author      = {Mahajan, Prince and
            Alvisi, Lorenzo and
            Dahlin, Mike},
  institution = {The University of Texas at Austin},
  number      = {TR-11-22},
  year        = {2011}
}
