@article{lamport_1982_byzantinegeneralsproblem,
  author  = { Lamport, Leslie and
            Shostak, Robert E. and
            Pease, Marshall C.},
  title   = {The Byzantine Generals Problem},
  journal = {{ACM} Transactions on Programming Languages and Systems},
  volume  = {4},
  number  = {3},
  pages   = {382--401},
  doi     = {10.1145/357172.357176},
  year    = {1982}
}
