
@article{ellis1991_groupware,
  author  = {Ellis, Clarence A and
            Gibbs, Simon J and
            Rein, Gail},
  title   = {Groupware: Some Issues and Experiences},
  doi     = {10.1145/99977.99987},
  journal = {Commununications of the {ACM}},
  volume  = {34},
  number  = {1},
  pages   = {39--58},
  month   = jan,
  year    = {1991}
}

@inproceedings{dourish_1995_divergence,
  author    = {Dourish, Paul},
  title     = {The Parting of the Ways: Divergence, Data Management and Collaborative Work},
  booktitle = {Proceedings of the 4th European Conference on Computer Supported Cooperative Work, {ECSCW} 1995},
  doi       = {10.1007/978-94-011-0349-7_14},
  pages     = {215--230},
  month     = sep,
  year      = {1995}
}

@article{sun_1998_cci,
  author    = {Sun, Chengzheng and
            Jia, Xiaohua and
            Zhang, Yanchun and
            Yang, Yun and
            Chen, David},
  title     = {Achieving Convergence, Causality Preservation, and Intention Preservation in Real-time Cooperative Editing Systems},
  journal   = {{ACM} Transactions on Computer-Human Interaction},
  volume    = {5},
  number    = {1},
  doi       = {10.1145/274444.274447},
  publisher = {ACM},
  pages     = {63--108},
  month     = mar,
  year      = {1998}
}

@article{oster2005_otisuues,
  title  = {Proving correctness of transformation functions in collaborative editing systems},
  author = {Oster, Gérald and
            Urso, Pascal and
            Molli, Pascal and
            Imine, Abdessamad},
  year   = {2005}
}

@inproceedings{feldman2010sporc,
  title     = {{SPORC}: Group Collaboration Using Untrusted Cloud Resources},
  author    = {Feldman, Ariel J. and
            Zeller, William P. and
            Freedman, Michael J. and
            Felten, Edward W.},
  booktitle = {Proceedings of the 9th {USENIX} Symposium on Operating Systems Design and Implementation ({OSDI} 2010)},
  isbn      = {978-1-931971-79-9},
  publisher = {{USENIX} Association},
  pages     = {337--350},
  year      = {2010}
}

@inproceedings{mogan2010_web2groupware,
  author    = {Mogan, Stephen and
            Wang, Weigang},
  editor    = {Ahmed K. Elmagarmid and Divyakant Agrawal},
  title     = {The Impact of Web 2.0 Developments on Real-Time Groupware},
  doi       = {10.1109/SocialCom.2010.84},
  booktitle = {Proceedings of the 2nd {IEEE} International Conference on Social Computing, SocialCom 2010},
  pages     = {534--539},
  month     = aug,
  year      = {2010}
}

@inproceedings{mohan_2010_realtimegroupware,
  author    = {Mogan, Stephen and Wang, Weigang},
  title     = {The Impact of Web 2.0 Developments on Real-Time Groupware},
  booktitle = {Proceedings of the 2nd {IEEE} International Conference on Social Computing, SocialCom 2010},
  doi       = {10.1109/SocialCom.2010.84},
  pages     = {534--539},
  publisher = {{IEEE} Computer Society},
  month     = aug,
  year      = {2010}
}

@inproceedings{ignat2014_delayeffect,
  author    = {Ignat, Claudia-Lavinia and
            Oster, Gérald and
            Newman, Meagan and
            Shalin, Valerie and
            Charoy, François},
  editor    = {Yuhua Luo},
  title     = {Studying the Effect of Delay on Group Performance in Collaborative Editing},
  doi       = {10.1007/978-3-319-10831-5\_29},
  booktitle = {Cooperative Design, Visualization, and Engineering - 11th International Conference, {CDVE} 2014},
  series    = {Lecture Notes in Computer Science},
  volume    = {8683},
  pages     = {191--198},
  publisher = {Springer},
  month     = sep,
  year      = {2014}
}

@inproceedings{ignat_2015_user-and-delay,
  author    = {Ignat, Claudia-Lavinia and
            Oster, Gérald and
            Fox, Olivia and
            Shalin, Valerie L. and
            Charoy, François},
  title     = {How Do User Groups Cope with Delay in Real-Time Collaborative Note Taking},
  booktitle = {Proceedings of the 14th European Conference on Computer Supported Cooperative Work, {ECSCW} 2015},
  doi       = {10.1007/978-3-319-20499-4_12},
  pages     = {223--242},
  month     = sep,
  year      = {2015}
}

@inproceedings{mansour2016_solidsocial,
  author    = {Mansour, Essam and
            Sambra, Andrei Vlad and
            Hawke, Sandro and
            Zereba, Maged and
            Capadisli, Sarven and
            Ghanem, Abdurrahman and
            Aboulnaga, Ashraf and
            Berners-Lee, Tim},
  title     = {A Demonstration of the Solid Platform for Social Web Applications},
  doi       = {10.1145/2872518.2890529},
  booktitle = {Proceedings of the 25th International Conference on World Wide Web, {WWW} 2016, Companion Volume},
  pages     = {223--226},
  month     = apr,
  year      = {2016}
}

@inproceedings{dang2016performance,
  author    = {Dang, Quang-Vinh and
            Ignat, Claudia-Lavinia},
  title     = {Performance of real-time collaborative editors at large scale: User perspective},
  doi       = {10.1109/IFIPNetworking.2016.7497258},
  booktitle = {Proceedings of the 15th International Conference on {IFIP} Networking, Networking 2016 and Workshops},
  pages     = {548--553},
  publisher = {{IEEE} Computer Society},
  month     = may,
  year      = {2016}
}

@article{kollmann2019_snapdoc,
  author  = {Stephan A. Kollmann and
            Martin Kleppmann and
            Alastair R. Beresford},
  title   = {Snapdoc: Authenticated snapshots with history privacy in peer-to-peer collaborative editing},
  doi     = {10.2478/popets-2019-0044},
  journal = {PoPETs},
  volume  = {2019},
  number  = {3},
  pages   = {210--232},
  year    = {2019}
}
