@article{lamport_1977_correctness,
  author  = {Leslie Lamport},
  title   = {Proving the Correctness of Multiprocess Programs},
  doi     = {10.1109/TSE.1977.229904},
  journal = {{IEEE} Transactions of Software Engineering},
  volume  = {3},
  number  = {2},
  pages   = {125--143},
  year    = {1977}
}

@article{alpern_liveness_1985,
  author  = {Alpern, Bowen and
            Schneider, Fred B.},
  title   = {Defining Liveness},
  journal = {Information Processing Letters},
  doi     = {10.1016/0020-0190(85)90056-0},
  volume  = {21},
  number  = {4},
  pages   = {181--185},
  month   = oct,
  year    = {1985}
}

@article{fidge_1987_timestamps,
  title     = {Timestamps in message-passing systems that preserve the partial ordering},
  author    = {Fidge, Colin J},
  publisher = {Australian National University. Department of Computer Science},
  year      = {1987}
}

@inproceedings{hutto_1990_causal,
  author    = {Hutto, Phillip W. and
            Ahamad, Mustaque},
  title     = {Slow Memory: Weakening Consistency to Enchance Concurrency in Distributed Shared Memories},
  booktitle = {Proceedings of the 10th International Conference on Distributed Computing Systems ({ICDCS} 1990)},
  doi       = {10.1109/ICDCS.1990.89297},
  pages     = {302--309},
  month     = may,
  year      = {1990}
}

@article{golding_1992_ackvector,
  author  = {Richard A. Golding},
  title   = {A Weak-Consistency Architecture for Distributed Information Services},
  journal = {Computing Systems},
  volume  = {5},
  number  = {4},
  pages   = {379--405},
  year    = {1992}
}

@article{ahamad_1995_causal,
  author  = {Ahamad, Mustaque and
            Neiger, Gil and
            Burns, James E. and
            Kohli, Prince and
            Hutto, Phillip W.},
  title   = {Causal Memory: Definitions, Implementation, and Programming},
  doi     = {10.1007/BF01784241},
  journal = {Distributed Computing},
  volume  = {9},
  number  = {1},
  pages   = {37--49},
  year    = {1995}
}

@inproceedings{terry_bayou_1995,
  author    = {Terry, Douglas B. and
            Theimer, Marvin and
            Petersen, Karin and
            Demers, Alan J. and
            Spreitzer, Mike and
            Hauser, Carl},
  title     = {Managing Update Conflicts in Bayou, a Weakly Connected Replicated Storage System},
  booktitle = {Proceedings of the 15th {ACM} Symposium on Operating System Principles, ({SOSP} 1995)},
  pages     = {172--183},
  doi       = {10.1145/224056.224070},
  month     = dec,
  year      = {1995}
}

@inproceedings{terry_sessionguarentees_1994,
  author    = {Terry, Douglas B. and
            Demers, Alan J. and
            Petersen, Karin and
            Spreitzer, Mike and
            Theimer, Marvin and
            Welch, Brent B.},
  title     = {Session Guarantees for Weakly Consistent Replicated Data},
  booktitle = {Proceedings of the 3rd International Conference on Parallel and Distributed Information Systems ({PDIS} 94)},
  pages     = {140--149},
  doi       = {10.1109/PDIS.1994.331722},
  month     = sep,
  year      = {1994}
}

@article{prakash_1997_barrierbarrier,
  author  = {Prakash, Ravi and
            Raynal, Michel and
            Singhal, Mukesh},
  title   = {An Adaptive Causal Ordering Algorithm Suited to Mobile Computing Environments},
  journal = {Journal of Parallel and Distributed Computing},
  volume  = {41},
  number  = {2},
  pages   = {190--204},
  doi     = {10.1006/jpdc.1996.1300},
  year    = {1997}
}

@inproceedings{brewer_cap_2000,
  author    = {Brewer, Eric A.},
  title     = {Towards robust distributed systems (abstract)},
  booktitle = {Proceedings of the 19th Annual {ACM} Symposium on Principles of Distributed Computing ({PODC} 2000)},
  pages     = {7},
  doi       = {10.1145/343477.343502},
  month     = jul,
  year      = {2000}
}

@article{gilbert_cap_2002,
  author  = {Gilbert, Seth and
            Lynch, Nancy A.},
  title   = {Brewer's conjecture and the feasibility of consistent, available, partition-tolerant web services},
  journal = {{SIGACT} News},
  volume  = {33},
  number  = {2},
  pages   = {51--59},
  doi     = {10.1145/564585.564601},
  month   = jun,
  year    = {2002}
}

@inproceedings{hernandez2003immediate,
  title      = {{The} {Immediate} {Dependency} {Relation}: an {Optimal} {Way} to {Ensure} {Causal} {Group} {Communication}},
  author     = {Pomares Hernández, Saul Eduardo and
            Fanchon, Jean and
            Drira, Khalil},
  pages      = {60--79},
  booktitle  = {Annual {Review} of {Scalable} {Computing}, {Editions} {World} {Scientific}, {Series} on {Scalable} {Computing}},
  shorttitle = {The {Immediate} {Dependency} {Relation}},
  volume     = {6},
  year       = {2003}
}

@inproceedings{li_2004_sundr,
  author    = {Li, Jinyuan and
            Krohn, Maxwell N. and
            Mazières, David and
            Shasha, Dennis E.},
  title     = {Secure Untrusted Data Repository {(SUNDR)}},
  booktitle = {Proceedings of the 6th Symposium on Operating System Design and Implementation ({OSDI} 2004)},
  pages     = {121--136},
  month     = dec,
  year      = {2004}
}

@inproceedings{decandia_dynamo_2007,
  author    = {DeCandia, Giuseppe and
            Hastorun, Deniz and
            Jampani, Madan and
            Kakulapati, Gunavardhan and
            Lakshman, Avinash and
            Pilchin, Alex and
            Sivasubramanian, Swaminathan and
            Vosshall, Peter and
            Vogels, Werner},
  title     = {Dynamo: amazon's highly available key-value store},
  booktitle = {Proceedings of the 21st {ACM} Symposium on Operating Systems Principles ({SOSP} 2007)},
  doi       = {10.1145/1294261.1294281},
  pages     = {205--220},
  month     = oct,
  year      = {2007}
}

@techreport{mahajan_astro_2008,
  title       = {{ASTRO}: {Autonomous} and {Trustworthy} {Data} {Sharing}},
  author      = {Mahajan, Prince and
            Lee, Sangmin and
            Zheng, An and
            Alvisi, Lorenzo and
            Dahlin, Mike},
  institution = {Department of Computer Science, The University of Texas at Austin},
  number      = {TR-09-29},
  shorttitle  = {{ASTRO}},
  year        = {2008}
}

@article{vogels_eventuallyconsistent_2009,
  author  = {Vogels, Werner},
  title   = {Eventually consistent},
  journal = {Commun. {ACM}},
  volume  = {52},
  number  = {1},
  doi     = {10.1145/1435417.1435432},
  pages   = {40--44},
  year    = {2009}
}

@techreport{mahajan_2011_cac,
  title       = {{Consistency}, {Availability}, and {Convergence}},
  author      = {Mahajan, Prince and
            Alvisi, Lorenzo and
            Dahlin, Mike},
  institution = {Department of Computer Science, The University of Texas at Austin},
  number      = {TR-11-22},
  year        = {2011}
}

@article{mahajan_depot_2011,
  title      = {{Depot}: {Cloud} {Storage} with {Minimal} {Trust}},
  author     = {Mahajan, Prince and
            Setty, Srinath and
            Lee, Sangmin and
            Clement, Allen and
            Alvisi, Lorenzo and
            Dahlin, Mike and
            Walfish, Michael},
  doi        = {10.1145/2063509.2063512},
  journal    = {{ACM} Transactions on Computer Systems ({TOCS})},
  number     = {4},
  pages      = {12:1--12:38},
  shorttitle = {Depot},
  volume     = {29},
  year       = {2011}
}

@inproceedings{li_redblue_2012,
  author    = {Li, Cheng and
            Porto, Daniel and
            Clement, Allen and
            Gehrke, Johannes and
            Preguiça, Nuno M. and
            Rodrigues, Rodrigo},
  title     = {Making Geo-Replicated Systems Fast as Possible, Consistent when Necessary},
  booktitle = {Proceedings of the 10th {USENIX} Symposium on Operating Systems Design and Implementation ({OSDI} 2012)},
  pages     = {265--278},
  month     = oct,
  year      = {2012}
}

@inproceedings{truong_authenticating_2012,
  title     = {{Authenticating} {Operation}-based {History} in {Collaborative} {Systems}},
  author    = {Truong, Hien Thi Thu and
            Ignat, Claudia-Lavinia and
            Molli, Pascal},
  booktitle = {Proceedings of the 17th {ACM} {International} {Conference} on {Supporting} {Group} {Work} ({GROUP} 2012)},
  doi       = {10.1145/2389176.2389197},
  pages     = {131--140},
  publisher = {ACM},
  year      = {2012}
}

@article{terry_baseball_2013,
  title     = {Replicated data consistency explained through baseball},
  author    = {Terry, Doug},
  journal   = {Communications of the ACM},
  volume    = {56},
  number    = {12},
  pages     = {82--89},
  year      = {2013},
  publisher = {ACM}
}

@article{burckhardt_eventualconsistency_2014,
  author  = {Sebastian Burckhardt},
  title   = {Principles of Eventual Consistency},
  journal = {Foundations and Trends in Programming Languages},
  doi     = {10.1561/2500000011},
  volume  = {1},
  number  = {1-2},
  pages   = {1--150},
  year    = {2014}
}

@article{bailis_coordavoidance_2014,
  author  = {Bailis, Peter and
               Fekete, Alan and
               Franklin, Michael J. and
               Ghodsi, Ali and
               Hellerstein, Joseph M. and
               Stoica, Ion},
  title   = {Coordination Avoidance in Database Systems},
  journal = {{PVLDB}},
  doi     = {10.14778/2735508.2735509},
  volume  = {8},
  number  = {3},
  pages   = {185--196},
  year    = {2014}
}

@article{hernandez2015minimal,
  title   = {{The} {Minimal} {Dependency} {Relation} for {Causal} {Event} {Ordering} in {Distributed} {Computing}},
  author  = {Pomares Hernández, Saúl Eduardo},
  doi     = {10.12785/amis/090108},
  journal = {Applied Mathematics \& Information Sciences},
  number  = {1},
  pages   = {pp.57--61},
  volume  = {9},
  year    = {2015}
}

@article{guerraoui_2016_tradeoffs-replication,
  title   = {Trade-offs in {Replicated} {Systems}},
  author  = {Guerraoui, Rachid and
            Pavlovic, Matej and
            Seredinschi, Dragos-Adrian},
  url     = {http://sites.computer.org/debull/A16mar/p14.pdf},
  journal = {IEEE Data Engineering Bulletin},
  month   = mar,
  number  = {1},
  pages   = {14--26},
  volume  = {39},
  year    = {2016}
}

@article{viotti_consistency_2016,
  title   = {{Consistency} in {Non}-{Transactional} {Distributed} {Storage} {Systems}},
  author  = {Viotti, Paolo and
            Vukolić, Marko},
  doi     = {10.1145/2926965},
  journal = {{ACM} Computing Surveys ({CSUR})},
  number  = {1},
  pages   = {19:1--19:34},
  volume  = {49},
  year    = {2016}
}

@article{alvisi_2017_writes-dirty-secret,
  title   = {Writes: the dirty secret of causal consistency},
  author  = {Alvisi, Lorenzo and
           Crooks, Natacha and
           Mehdi, Syed Akbar},
  url     = {http://sites.computer.org/debull/A17dec/p15.pdf},
  journal = {{IEEE} Data Engineering Bulletin},
  volume  = {40},
  number  = {4},
  pages   = {15--25},
  year    = {2017}
}

@article{chohan_doublespending_2017,
  title   = {The Double Spending Problem and Cryptocurrencies},
  author  = {Chohan, Usman W},
  journal = {Available at SSRN 3090174},
  year    = {2017}
}

@inproceedings{wei2018_jupiterweak,
  author    = {Wei, Hengfeng and
            Huang, Yu and
            Lu, Jian},
  editor    = {Jiannong Cao and
            Faith Ellen and
            Luis Rodrigues and
            Bernardo Ferreira},
  title     = {Specification and Implementation of Replicated List: The Jupiter Protocol Revisited},
  doi       = {10.4230/LIPIcs.OPODIS.2018.12},
  booktitle = {Proceedings of the 22nd International Conference on Principles of Distributed Systems, {OPODIS} 2018},
  series    = {LIPIcs},
  volume    = {125},
  pages     = {12:1--12:16},
  publisher = {Schloss Dagstuhl - Leibniz-Zentrum f{\"{u}}r Informatik},
  month     = dec,
  year      = {2018}
}


@article{hellerstein_calm_2019,
  author  = {Hellerstein, Joseph M. and
            Alvaro, Peter},
  title   = {Keeping {CALM:} When Distributed Consistency is Easy},
  journal = {CoRR},
  volume  = {abs/1901.01930},
  year    = {2019}
}
