
@article{saito_2005_optimisticreplication,
  author    = {Saito, Yasushi and
            Shapiro, Marc},
  title     = {Optimistic Replication},
  journal   = {ACM Computing Surveys},
  doi       = {10.1145/1057977.1057980},
  volume    = {37},
  number    = {1},
  pages     = {42--81},
  publisher = {ACM},
  month     = mar,
  year      = {2005}
}

@inproceedings{oster_2006_woot,
  title     = {Data consistency for {P2P} collaborative editing},
  author    = {Oster, Gérald and
            Urso, Pascal and
            Molli, Pascal and
            Imine, Abdessamad},
  doi       = {10.1145/1180875.1180916},
  booktitle = {Proceedings of the 2006 {ACM} Conference on Computer Supported Cooperative Work, {CSCW} 2006},
  month     = nov,
  pages     = {259--268},
  publisher = {ACM},
  year      = {2006}
}

@inproceedings{weiss2007wooki,
  title     = {Wooki: A {P2P} Wiki-Based Collaborative Writing Tool},
  doi       = {10.1007/978-3-540-76993-4\_42},
  author    = {Weiss, Stéphane and
            Urso, Pascal and
            Molli, Pascal},
  editor    = {Boualem Benatallah and
            Fabio Casati and
            Dimitrios Georgakopoulos and
            Claudio Bartolini and
            Wasim Sadiq and
            Claude Godart},
  booktitle = {Proceedings of the 8th International Conference on Web Information Systems Engineering, WISE 2007},
  series    = {Lecture Notes in Computer Science},
  volume    = {4831},
  pages     = {503--512},
  publisher = {Springer},
  month     = dec,
  year      = {2007}
}

@inproceedings{weiss_2009_logoot,
  title     = {Logoot: {A} Scalable Optimistic Replication Algorithm for Collaborative Editing on {P2P} Networks},
  author    = {Stéphane Weiss and
            Pascal Urso and
            Pascal Molli},
  doi       = {10.1109/ICDCS.2009.75},
  booktitle = {Proceedings of the 29th {IEEE} International Conference on Distributed Computing Systems, {ICDCS} 2009},
  month     = jun,
  pages     = {404--412},
  year      = {2009}
}

@inproceedings{preguica_2009_treedoc,
  title     = {A Commutative Replicated Data Type for Cooperative Editing},
  author    = {Preguiça, Nuno M. and
            Marquès, Joan Manuel and
            Shapiro, Marc and
            Letia, Mihai},
  doi       = {10.1109/ICDCS.2009.20},
  booktitle = {Proceedings of the 29th {IEEE} International Conference on Distributed Computing Systems, {(ICDCS} 2009},
  month     = jun,
  pages     = {395--403},
  year      = {2009}
}

@techreport{shapiro2011_comprehensive,
  author      = {Shapiro, Marc and
            Preguiça, Nuno and
            Baquero, Carlos and
            Zawirski, Marek},
  title       = {A comprehensive study of convergent and commutative replicated data types},
  hal_id      = {inria-00555588},
  hal_version = {v1},
  type        = {Research Report},
  number      = {RR-7506},
  month       = jan,
  year        = {2011}
}

@article{weiss2010logoot,
  author  = {Weiss, Stéphane and
            Urso, Pascal and
            Molli, Pascal},
  title   = {Logoot-Undo: Distributed Collaborative Editing System on {P2P} Networks},
  journal = {{IEEE} Transactions on Parallel and Distributed Systems},
  doi     = {10.1109/TPDS.2009.173},
  volume  = {21},
  number  = {8},
  pages   = {1162--1174},
  year    = {2010}
}

@inproceedings{shapiro_2011_crdt,
  title     = {Conflict-Free Replicated Data Types},
  author    = {Shapiro, Marc and
            Preguiça, Nuno M. and
            Baquero, Carlos and
            Zawirski, Marek},
  doi       = {10.1007/978-3-642-24550-3_29},
  booktitle = {Proceedings of the 13th International Symposium on Stabilization, Safety, and Security of Distributed Systems, {SSS} 2011},
  pages     = {386--400},
  year      = {2011}
}

@inproceedings{ahmednacer2011evaluatingcrdts,
  author    = {Mehdi Ahmed-Nacer and
            Claudia-Lavinia Ignat and
            Gérald Oster and
            Hyun-Gul Roh and
            Pascal Urso},
  editor    = {Matthew R. B. Hardy and
            Frank Wm. Tompa},
  title     = {Evaluating CRDTs for real-time document editing},
  doi       = {10.1145/2034691.2034717},
  booktitle = {Proceedings of the 11th {ACM} Symposium on Document Engineering, DocEng 2011},
  pages     = {103--112},
  publisher = {{ACM}},
  month     = sep,
  year      = {2011}
}

@article{roh_2011_rga,
  title     = {Replicated abstract data types: Building blocks for collaborative applications},
  author    = {Roh, Hyun-Gul and
            Jeon, Myeongjae and
            Kim, Jinsoo and
            Lee, Joonwon},
  doi       = {10.1016/j.jpdc.2010.12.006},
  journal   = {Journal of Parallel and Distributed Computing},
  publisher = {Elsevier},
  volume    = {71},
  number    = {3},
  pages     = {354--368},
  year      = {2011}
}

@article{bieniusa_2012_optimized-crdt-set,
  title   = {An optimized conflict-free replicated set},
  author  = {Bieniusa, Annette and
            Zawirski, Marek and
            Preguiça, Nuno M. and
            Shapiro, Marc and
            Baquero, Carlos and
            Balegas, Valter and
            Duarte, Sérgio},
  url     = {http://arxiv.org/abs/1210.3368},
  journal = {CoRR},
  volume  = {abs/1210.3368},
  year    = {2012}
}

@inproceedings{yu_2012_string-wise-crdt,
  title     = {A string-wise {CRDT} for group editing},
  author    = {Yu, Weihai},
  doi       = {10.1145/2389176.2389198},
  booktitle = {Proceedings of the 2012 {ACM} International Conference on Support Group Work, {GROUP} 2012},
  month     = oct,
  pages     = {141--144},
  year      = {2012}
}

@inproceedings{nedelec_2013_lseq,
  title     = {{LSEQ:} an adaptive structure for sequences in distributed collaborative editing},
  author    = {Nédelec, Brice and
           Molli, Pascal and
           Mostéfaoui, Achour and
           Desmontils, Emmanuel},
  doi       = {10.1145/2494266.2494278},
  booktitle = {Proceedings of the 2013 {ACM} Symposium on Document Engineering, DocEng 2013},
  pages     = {37--46},
  month     = sep,
  year      = {2013}
}

@inproceedings{andre_2013_logootsplit,
  title     = {Supporting adaptable granularity of changes for massive-scale collaborative editing},
  author    = {André, Luc and
            Martin, Stéphane and
            Oster, Gérald and
            Ignat, Claudia-Lavinia},
  doi       = {10.4108/icst.collaboratecom.2013.254123},
  booktitle = {Proceedings of the 9th International Conference on Collaborative Computing: Networking, Applications and Worksharing (Collaboratecom)},
  month     = oct,
  pages     = {50--59},
  year      = {2013}
}

@inproceedings{baquero_2014_pure-op-crdt,
  title     = {Making {Operation}-{Based} {CRDTs} {Operation}-{Based}},
  author    = {Baquero, Carlos and
            Almeida, Paulo Sérgio and
            Shoker, Ali},
  doi       = {10.1007/978-3-662-43352-2_11},
  booktitle = {Distributed Applications and Interoperable Systems - 14th {IFIP} {WG} 6.1 International Conference, {DAIS} 2014, Held as Part of the 9th International Federated Conference on Distributed Computing Techniques},
  month     = jun,
  pages     = {126--140},
  publisher = {Springer},
  series    = {Lecture {Notes} in {Computer} {Science}},
  year      = {2014}
}

@inproceedings{almeida_2015_delta-crdt,
  title     = {Efficient State-Based CRDTs by Delta-Mutation},
  author    = {Almeida, Paulo Sérgio and
            Shoker, Ali and
            Baquero, Carlos},
  doi       = {10.1007/978-3-319-26850-7_5},
  booktitle = {Proceedings of the 3rd International Conference on Networked Systems, {NETYS} 2015},
  month     = sep,
  pages     = {62--76},
  publisher = {Springer},
  year      = {2015}
}

@inproceedings{nicolaescu2015yjs,
  author    = {Petru Nicolaescu and
            Kevin Jahns and
            Michael Derntl and
            Ralf Klamma},
  editor    = {Philipp Cimiano and
            Flavius Frasincar and
            Geert-Jan Houben and
            Daniel Schwabe},
  title     = {Yjs: A Framework for Near Real-Time {P2P} Shared Editing on Arbitrary Data Types},
  doi       = {10.1007/978-3-319-19890-3\_55},
  booktitle = {Proceedings of the 15th International Conference on Engineering the Web in the Big Data Era, {ICWE} 2015},
  series    = {Lecture Notes in Computer Science},
  volume    = {9114},
  pages     = {675--678},
  publisher = {Springer},
  month     = jun,
  year      = {2015}
}

@inproceedings{nedelec2016_crate,
  author    = {Nédelec, Brice and
               Molli, Pascal and
               Mostefaoui, Achour},
  editor    = {Jacqueline Bourdeau and
               Jim Hendler and
               Roger Nkambou and
               Ian Horrocks and
               Ben Y. Zhao},
  title     = {{CRATE:} Writing Stories Together with our Browsers},
  doi       = {10.1145/2872518.2890539},
  booktitle = {Proceedings of the 25th International Conference Companion on World Wide Web, {WWW} 2016},
  pages     = {231--234},
  publisher = {{ACM}},
  month     = apr,
  year      = {2016}
}

@inproceedings{enes_2016_join-decomposition-crdt,
  title     = {Join Decompositions for Efficient Synchronization of CRDTs After a Network Partition: Work in Progress Report},
  author    = {Enes, Vitor and
            Baquero, Carlos and
            Almeida, Paulo Sérgio and
            Shoker, Ali},
  doi       = {10.1145/2957319.2957374},
  booktitle = {Proceedings of the 1st Workshop on Programming Models and Languages for Distributed Computing, {PMLDC} 2016},
  month     = jul,
  pages     = {6:1--6:3},
  publisher = {ACM},
  year      = {2016}
}

@inproceedings{attiyai_2016_spec-text-editing,
  title     = {Specification and Complexity of Collaborative Text Editing},
  author    = {Attiya, Hagit and
            Burckhardt, Sebastian and
            Gotsman, Alexey and
            Morrison, Adam and
            Yang, Hongseok and
            Zawirski, Marek},
  doi       = {10.1145/2933057.2933090},
  booktitle = {Proceedings of the 2016 {ACM} Symposium on Principles of Distributed Computing ({PODC})},
  month     = jul,
  pages     = {259--268},
  year      = {2016}
}

@inproceedings{briot_2016_rgasplit,
  title     = {High Responsiveness for Group Editing CRDTs},
  author    = {Briot, Loïck and
            Urso, Pascal and
            Shapiro, Marc},
  doi       = {10.1145/2957276.2957300},
  booktitle = {Proceedings of the 19th International Conference on Supporting Group Work},
  pages     = {51--60},
  month     = nov,
  year      = {2016}
}

@article{baquero_2018_pure-op-crdt,
  title         = {Pure Operation-Based Replicated Data Types},
  author        = {Baquero, Carlos and
            Almeida, Paulo Sérgio and
            Shoker, Ali},
  url           = {http://arxiv.org/abs/1710.04469},
  journal       = {CoRR},
  volume        = {abs/1710.04469},
  archiveprefix = {arXiv},
  eprint        = {1710.04469},
  year          = {2017}
}

@misc{preguia2018_crdt,
  title         = {Conflict-free Replicated Data Types ({CRDTs})},
  author        = {Preguiça, Nuno and
            Baquero, Carlos and
            Shapiro, Marc},
  eprint        = {1805.06358},
  archiveprefix = {arXiv},
  primaryclass  = {cs.DC},
  month         = may,
  year          = {2018}
}

@article{almeida_2018_delta-crdt-revisited,
  title     = {Delta State Replicated Data Types},
  author    = {Almeida, Paulo Sérgio and
            Shoker, Ali and
            Baquero, Carlos},
  url       = {http://arxiv.org/abs/1603.01529},
  journal   = {Journal of Parallel and Distributed Computing},
  pages     = {162--173},
  publisher = {Elsevier},
  volume    = {111},
  year      = {2018}
}

@article{enes_2018_efficient-sync-state-based-crdt,
  title   = {Efficient Synchronization of State-based CRDTs},
  author  = {Enes, Vitor and
            Almeida, Paulo Sérgio and
            Baquero, Carlos and
            Leitão, João},
  url     = {https://arxiv.org/abs/1803.02750},
  journal = {CoRR},
  volume  = {abs/1803.02750},
  year    = {2018}
}

@article{kleppmann2018opsets,
  author        = {Martin Kleppmann and
            Victor B. F. Gomes and
            Dominic P. Mulligan and
            Alastair R. Beresford},
  title         = {OpSets: Sequential Specifications for Replicated Datatypes (Extended Version)},
  journal       = {CoRR},
  volume        = {abs/1805.04263},
  url           = {http://arxiv.org/abs/1805.04263},
  archiveprefix = {arXiv},
  eprint        = {1805.04263},
  year          = {2018}
}

@inproceedings{kleppmann2019_interleaving,
  author    = {Kleppmann, Martin and
            Gomes, Victor B. F. and
            Mulligan, Dominic P. and
            Beresford, Alastair R.},
  title     = {Interleaving anomalies in collaborative text editors},
  booktitle = {Proceedings of the 6th Workshop on Principles and Practice of Consistency for Distributed Data, PaPoC@EuroSys 2019},
  pages     = {6:1--6:7},
  publisher = {{ACM}},
  month     = mar,
  year      = {2019}
}

@inproceedings{yu2020_clset,
  author    = {Weihai Yu and
            Sigbj{\o}rn Rostad},
  title     = {A low-cost set {CRDT} based on causal lengths},
  booktitle = {Proceedings of the 7th Workshop on Principles and Practice of Consistency for Distributed Data, PaPoC@EuroSys 2020},
  pages     = {5:1--5:6},
  month     = apr,
  year      = {2020}
}

@inproceedings{nicolas2020_renaming,
  author    = {Nicolas, Matthieu and
            Oster, Gérald and
            Perrin, Olivier},
  editor    = {Alan Fekete and
            Martin Kleppmann},
  title     = {Efficient renaming in sequence CRDTs},
  doi       = {10.1145/3380787.3393682},
  booktitle = {7th Workshop on Principles and Practice of Consistency for Distributed
               Data, PaPoC@EuroSys 2020, Heraklion, Greece, April 27, 2020},
  pages     = {9:1--9:8},
  publisher = {{ACM}},
  month     = apr,
  year      = {2020}
}
