
@article{lamport_1978_time,
  title   = {{Time}, {Clocks}, and the {Ordering} of {Events} in a {Distributed} {System}},
  author  = {Lamport, Leslie},
  doi     = {10.1145/359545.359563},
  journal = {Communications of the {ACM}},
  number  = {7},
  pages   = {558--565},
  volume  = {21},
  year    = {1978}
}

@phdthesis{merkle_1979_merkletree,
  title   = {{Secrecy}, {Authentication}, and {Public} {Key} {Systems}},
  address = {Stanford, CA, USA},
  author  = {Merkle, Ralph Charles},
  note    = {AAI8001972},
  school  = {Stanford University},
  year    = {1979}
}

@article{parker_1983_versionvector,
  author  = {Douglas Stott Parker Jr. and
            Gerald J. Popek and
            Gerard Rudisin and
            Allen Stoughton and
            Bruce J. Walker and
            Evelyn Walton and
            Johanna M. Chow and
            David A. Edwards and
            Stephen Kiser and
            Charles S. Kline},
  title   = {Detection of Mutual Inconsistency in Distributed Systems},
  doi     = {10.1109/TSE.1983.236733},
  journal = {{IEEE} Transactions on Software Engineering},
  volume  = {9},
  number  = {3},
  pages   = {240--247},
  year    = {1983}
}

@article{bracha1985asynchronous,
  author  = {Gabriel Bracha and Sam Toueg},
  title   = {Asynchronous Consensus and Broadcast Protocols},
  doi     = {10.1145/4221.214134},
  journal = {ournal of the {ACM}},
  volume  = {32},
  number  = {4},
  pages   = {824--840},
  year    = {1985}
}

@article{sarin_1987_discarding,
  title   = {Discarding obsolete information in a replicated database system},
  author  = {Sarin, Sunil K. and Lynch, Nancy A.},
  journal = {{IEEE} Transactions on Software Engineering},
  number  = {1},
  pages   = {39--47},
  year    = {1987}
}

@inproceedings{mattern_1988_timevector,
  title     = {Virtual time and global states of distributed systems},
  author    = {Mattern, Friedemann},
  booktitle = {Proceedings of International Workshop on Parallel Algorithms},
  pages     = {215--230},
  month     = oct,
  year      = {1988}
}

@article{lynch_1988_ioautomata,
  title   = {An introduction to input/output automata},
  author  = {Lynch, Nancy A. and
            Tuttle, Mark R.},
  journal = {CW1 Quarterly},
  pages   = {219--246},
  month   = sep,
  year    = {1989}
}

@incollection{wirsing1990_algebraicspec,
  author    = {Wirsing, Martin},
  editor    = {Jan van Leeuwen},
  title     = {Algebraic Specification},
  booktitle = {Handbook of Theoretical Computer Science, Volume {B:} Formal Models and Semantics},
  doi       = {10.1016/b978-0-444-88074-1.50018-4},
  pages     = {675--788},
  publisher = {Elsevier and {MIT} Press},
  year      = {1990}
}

@article{birman_1991_causalmulticast,
  author  = {Birman, Kenneth P. and
            Schiper, André and
            Stephenson, Pat},
  title   = {Lightweigt Causal and Atomic Group Multicast},
  journal = {{ACM} Transactions on Computer Systems},
  doi     = {10.1145/128738.128742},
  volume  = {9},
  number  = {3},
  pages   = {272--314},
  month   = aug,
  year    = {1991}
}

@inbook{lynch_1996_asyncnet,
  title     = {{Distributed Algorithms}},
  author    = {Lynch, Nancy A.},
  chapter   = 14,
  isbn      = {1558603484},
  pages     = {457--471},
  publisher = {The Morgan Kaufmann Series in Data Management Systems},
  year      = {1996}
}

@book{dooley2001designing,
  title     = {Designing Large Scale Lans: Help for Network Designers},
  isbn      = {978-0596001506},
  author    = {Dooley, Kevin},
  month     = nov,
  year      = {2001},
  publisher = {O'Reilly Media, Inc.}
}

@article{rotem_falalcies_2006,
  title   = {Fallacies of distributed computing explained},
  author  = {Rotem-Gal-Oz, Arnon},
  journal = {RGO Architects},
  volume  = {20},
  year    = {2006}
}

@article{rodrigues2010peer,
  author  = {Rodrigo Rodrigues and
            Peter Druschel},
  title   = {Peer-to-peer systems},
  doi     = {10.1145/1831407.1831427},
  journal = {Communications of the {ACM}},
  volume  = {53},
  number  = {10},
  pages   = {72--82},
  month   = oct,
  year    = {2010}
}

@article{benet2014ipfs,
  author        = {Juan Benet},
  title         = {{IPFS} - Content Addressed, Versioned, {P2P} File System},
  journal       = {CoRR},
  volume        = {abs/1407.3561},
  archiveprefix = {arXiv},
  eprint        = {1407.3561},
  year          = {2014}
}

@article{wood2014ethereum,
  title   = {Ethereum: A secure decentralised generalised transaction ledger},
  author  = {Wood, Gavin},
  journal = {Ethereum project yellow paper},
  volume  = {151},
  number  = {2014},
  pages   = {1--32},
  year    = {2014}
}

@inproceedings{mansour2016demonstration,
  title     = {A demonstration of the solid platform for social web applications},
  author    = {Mansour, Essam and
            Sambra, Andrei Vlad and
            Hawke, Sandro and
            Zereba, Maged and
            Capadisli, Sarven and
            Ghanem, Abdurrahman and
            Aboulnaga, Ashraf and
            Berners-Lee, Tim},
  booktitle = {Proceedings of the 25th International Conference Companion on World Wide Web},
  pages     = {223--226},
  year      = {2016}
}

@phdthesis{jard2016_langage,
  title  = {Un langage de composition des techniques de sécurité pour préserver la vie privée dans le nuage},
  author = {Jard, M. Claude},
  year   = {2016},
  school = {Université de Nice}
}
