
@article{adleman_1974_shortperm,
  title   = {Short permutation strings},
  author  = {Adleman, Leonard},
  journal = {Discrete Mathematics},
  volume  = {10},
  number  = {2},
  pages   = {197--200},
  year    = {1974}
}

@article{koutas1975shortest,
  author    = {P. J. Koutas and
            T. C. Hu},
  title     = {Shortest string containing all permutations},
  doi       = {10.1016/0012-365X(75)90004-7},
  journal   = {Discrete Mathematics},
  publisher = {Elsevier},
  volume    = {11},
  number    = {2},
  pages     = {125--132},
  year      = {1975}
}

@article{galbiati1976permutation,
  title     = {On permutation-embedding sequences},
  author    = {Galbiati, Giulia and Preparata, Franco P},
  journal   = {SIAM Journal on Applied Mathematics},
  volume    = {30},
  number    = {3},
  pages     = {421--423},
  year      = {1976},
  publisher = {SIAM}
}

@article{greenough_1976_semiorder,
  title  = {representation and enumeration of interval orders and semiorders},
  author = {Greenough, T Lockman},
  type   = {PhD thesis},
  year   = {1976}
}

@book{davey2002lattice,
  author    = {Brian A. Davey and
            Hilary A. Priestley},
  title     = {Introduction to Lattices and Order, Second Edition},
  doi       = {10.1017/CBO9780511809088},
  isbn      = {978-0-521-78451-1},
  publisher = {Cambridge University Press},
  year      = {2002}
}

@article{zualinescu2011shorter,
  title     = {Shorter strings containing all k-element permutations},
  author    = {ZÄƒlinescu, Eugen},
  journal   = {Information processing letters},
  publisher = {Elsevier},
  volume    = {111},
  number    = {12},
  pages     = {605--608},
  year      = {2011}
}

@article{radomirovic2012construction,
  title   = {A construction of short sequences containing all permutations of a set as subsequences},
  author  = {Radomirovic, Sasa},
  journal = {the electronic journal of combinatorics},
  volume  = {19},
  number  = {4},
  pages   = {P31},
  year    = {2012}
}

@misc{engen2018_containing,
  title         = {Containing all permutations},
  author        = {Michael Engen and Vincent Vatter},
  year          = {2018},
  eprint        = {1810.08252},
  archiveprefix = {arXiv},
  primaryclass  = {math.CO}
}
