@inproceedings{2019_yu_genericundo,
  author    = {Yu, Weihai and
            Elvinger, Victorien and
            Ignat, Claudia-Lavinia},
  editor    = {Felber, Pascal and
            Friedman, Roy and
            Gilbert, Seth and
            Miller, Avery},
  title     = {A Generic Undo Support for State-Based CRDTs},
  doi       = {10.4230/LIPIcs.OPODIS.2019.14},
  booktitle = {23rd International Conference on Principles of Distributed Systems, ({OPODIS} 2019)},
  series    = {LIPIcs},
  volume    = {153},
  pages     = {14:1--14:17},
  month     = dec,
  year      = {2019}
}

@inproceedings{2018_elvinger_prunable-auth-log,
  title     = {Prunable Authenticated Log and Authenticable Snapshot in Distributed Collaborative Systems},
  author    = {Victorien Elvinger and
            Gérald Oster and
            François Charoy},
  booktitle = {Proceedings of the 4th {IEEE} International Conference on Collaboration and Internet Computing, {CIC} 2018},
  pages     = {156--165},
  month     = oct,
  year      = {2018},
  doi       = {10.1109/CIC.2018.00031}
}

@inproceedings{2017_nicolas-mute-demo,
  title     = {{MUTE:} {A} Peer-to-Peer Web-based Real-time Collaborative Editor},
  author    = {Matthieu Nicolas and
            Victorien Elvinger and
            Gérald Oster and
            Claudia-Lavinia Ignat and
            François Charoy},
  booktitle = {Proceedings of the 15th European Conference on Computer Supported Cooperative Work - Panels, Demos and Posters, {ECSCW} 2017},
  month     = aug,
  year      = {2017},
  doi       = {10.18420/ecscw2017_p5}
}
